% BIBTEX Format
% article audio bibnote book bookinbook booklet conference collection
% commentary conference customa customb customc customd custome customf
% dataset electronic image inbook incollection inproceedings inreference
% juridiscation legal letter manual mastersthesis misc movie music mvbook
% mvcollection mvproceesings mvreference online patent performance periodical
% phdthesis proceedings reference report, techreport review set software
% standard suppbook suppcollection suppperiodical thesis unpublished video www
% xdata
%
% abstract address annote author booktitle Email chapter crossref doi edition
% editor howpublished institution isbn issn journal key month note number
% organization pages publisher school series title type url volume year
%
% FORMAT
% @www{NameYear,
% title = {Title},
% author = {Author},
% year = {Year},
% url = {http://},
% note = {Note}}
% 
% Umlaut etc. hast to be "backslashed" for pure ASCII!
%

@www{KEVA_tyovoimaennuste,
 title = {Kuntien ty\"ovoimaennuste: Hoitajapula kaksinkertaistui kahdessa vuodessa},
 author = {Ismo Kainulainen},
 publisher = {KEVA (Kuntien El\"akeVAkuutus)},
 url = {http://keva.fi/uutiset-ja-artikkelit/kuntien-tyovoimaennuste-hoitajapula-kaksinkertaistui-kahdessa-vuodessa}
%note = {Aula Reseach paper http://www.keva.fi/contentassets/de5752333bfb4e0a8194a8797ed24935/analyysi-kuntien-tyovoimatarpeista-2023.pdf}
}

@www{YLE202209221026,
 title = {Sairaanhoitajaksi hakevien m\"a\"ar\"a romahti syksyn yhteishaussa -- toiminnanjohtaja Mielityinen: "Hoitajapula ei ratkea aloituspaikkoja li\-s\"a\"a\-m\"al\-l\"a"},
 author = {Hannu Tikkala - Jani Saikko}, 
 publisher={Finnish Public Broadcasting Company, YLE (YLEisradio)},
 url={http://yle.fi/a/3-12633574}
}

%http://ttl.fi/tutkimus/hankkeet/miten-suomi-voi
@www{SurunauhaTilastot,
 title = {Tilastoja ja tietoja Itsemurhat Suomessa},
 publisher = {Surunauha ry},
 url = {http://surunauha.net/lukemista/tilastoja-ja-tietoja}
}

%http://stat.fi/tilasto/ksyyt
@www{CausesOfDeath,
 title = {Causes of death},
 author = {Statistics Finland},
 publisher = {Finland's national statistical institute},
 url = {https://stat.fi/en/statistics/ksyyt}
}

%http://stat.fi/tilasto/ton
@www{RoadAccidentStatistics,
 title = {Statistics on road traffic accidents},
 author = {Statistics Finland},
 publisher = {Finland's national statistical institute},
 url = {http://stat.fi/en/statistics/ton}
}
%http://yle.fi/a/3-10506161
%http://yle.fi/a/3-11230652
%http://yle.fi/a/3-12035741
%http://yle.fi/a/3-12640121
%http://yle.fi/a/74-20006297
%http://yle.fi/a/74-20020108
%http://yle.fi/a/74-20021989
%http://yle.fi/a/74-20021718

%http://unsdsn.org
%A global initiative for the united nations
@www{WHR2023,
 title = {World Happines Report},
 author = {Helliwell J. F. - Layard R. - Sachs J. D. - Aknin L. B. - De Neve J.-E. - Wang S.},
 publisher = {Sustainable Development Solutions Network (SDSN)},
 year = {2023},
 isbn = {978-1-7348080-5-6},
 % note = {http://worldhappiness.report/ed/2023/world-happiness-trust-and-social-connections-in-times-of-crisis},
 url = {http://worldhappiness.report}
}
%http://worldhappiness.report/ed/2023/world-happiness-trust-and-social-connections-in-times-of-crisis/#ranking-of-happiness-2020-2022
%http://worldhappiness.report/ed/2022/happiness-benevolence-and-trust-during-covid-19-and-beyond
%http://happiness-report.s3.amazonaws.com/2023/WHR+23.pdf

@www{KELATargetTime,
 title = {Target times for processing benefit applications},
 author = {Social Insurance Institution of Finland},
 url = {http://kela.fi/target-times}
}

@www{KELAProcessingTime,
 title = {Average processing times},
 author = {Social Insurance Institution of Finland},
 url = {http://kela.fi/average-processing-times}
}

@www{KELApalvelee,
 title={KELA serves},
 author = {Social Insurance Institution of Finland},
 url={http://elamassa.fi/kela-palvelee}
}

@www{KELA_BASIC_ASSISTANCE_HalfOrNone,
%title = {Toimeentulotuen saajien m\"a\"ar\"a aiotaan puolittaa -- hallitus selvitt\"a\"a my\"os, voidaanko tuki ev\"at\"a kokonaan},
 title = {Finland wants to halve the number of people on basic social assistance -- Could Finland see a future where a person is denied any form of social assistance?},
 author = {Tuomas Hyytinen},
 publisher={Finnish public broadcast company (YLE)},
%url = {http://yle.fi/a/74-20043998}
 url = {http://yle.fi/a/74-20044080}
}

@image{VR23_SocialBenefitsComics,
 author = {Ville Ranta},
 title = {Social benefits hatch},
 publisher = {Alma Media Suomi Oy},
 issn = {1797-7983},
%http://il.fi/villeranta
 note = {http://fb.com/photo?fbid=841094384073855},
 url = {http://il.fi/villeranta/a/9ee6f9b2-5563-4fb7-b1ee-434b4f007855}
%http://facebook.fi/vilranta
%http://villeranta.com
}

@www{StudentHousingAllowance,
 title={Complex system prompts students to give up housing allowance},
 publisher={Finnish Public Broadcasting Company, YLE (YLEisradio)},
%note = {Yle TV1 news 20:30 2023/07/10 http://areena.yle.fi/1-62874975 17:07-19:19 Alberto Politi interview student Lidia Backlund at Joensuu},
 url={http://yle.fi/a/74-20040384}
}
%http://kela.fi/general-housing-allowance-report-changes
%Asumistuki: Hallitus kannustaa opiskelijoita yteisasumiseen
%Moni nakee asumistuen vaikeana monimutkaisten ehtojen vuoksi

@www{KELA_StudyGrant,
 title={Study grant},
 author={Social Insurance Institution of Finland},
 url={http://kela.fi/financial-aid-for-students-study-grant},
 note={2023: 279.38/30= 9.3$\EUR$/d}
}

@www{KELA_BASIC_ASSISTANCE,
 title={Basic amount of social assistance},
 author={Social Insurance Institution of Finland},
 url={http://kela.fi/social-assistance-basic-amount},
 note={http://areena.yle.fi/1-50654063 $18.5\EUR$/d}
}
%note={$555.11\EUR$/30d = $18.5\EUR$/d}

@www{ConsumerCreditAndMicroloanCompanies,
 title = {Companies granting consumer credit to be supervised by the Financial Supervisory Authority from 1 July 2023},
 publisher = {Finland Financial Supervisory Authority (FIN-FSA)},
 url = {http://finanssivalvonta.fi/en/publications-and-press-releases/Press-release/2023/companies-granting-consumer-credit-to-be-supervised-by-the-financial-supervisory-authority-from-1-july-2023},
 note = {At the end of 2022 consumer credit and microloan companies average interest rate is 35\%}
}

@www{NationalEnforcementAuthorityFinland,
 title = {Entry Page},
 author = {National Enforcement Authority Finland},
 publisher = {National Enforcement Authority Finland},
 url = {http://ulosottolaitos.fi/en}
}

@www{PaymentDefaultStatistics,
 title = {Payment Default Statistics},
 author = {Asiakastieto Oy},
 publisher = {Asiakastieto Oy},
%note = {http://epressi.com/media/userfiles/123829/1672896446/maksuhairiotilasto-2022-suomen-asiakastieto-oy.pdf},
 url = {http://asiakastieto.fi/web/fi/asiakastieto-media/uutiset/lakimuutos-vahensi-maksuhairioisten-henkiloiden-maaraa-mutta-asiakastieto-ennakoi-ylivelkaantumisen-jatkuvan.html}
}

@www{DepressionValidTreatment,
 title = {Depressio. K\"ayp\"a hoito -suositus},
 author = {Suomalaisen L\"a\"ak\"ariseuran Duodecimin ja Suomen Psykiatriyhdistys ry:n asettama ty\"oryhm\"a},
 publisher = {Suomalainen L\"a\"ak\"ariseura Duodecim},
 year = {2023},
 url = {http://kaypahoito.fi/hoi50023}
}

@www{YLE202112131842,
 title = {Joka kolmas korkeakouluopiskelija k\"arsii ma\-sen\-nus- ja ahdistusoireista -- n\"am\"a nelj\"a seikkaa kiteytt\"av\"at, mist\"a on kyse},
 author = {Tiina Karppi},
 publisher={Finnish Public Broadcasting Company, YLE (YLEisradio)},
 url = {http://yle.fi/a/3-12227305}
}

@www{YLE202305170931,
 title = {J\"attitutkimuksen huolestuttavat tiedot: suomalaisten el\"am\"anlaatu on romahtanut ja itsemurha-aja\-tuk\-si\-a aiempaa useammalla},
 author = {Emilia Pakkala},
%note = {http://thl.fi/fi/tutkimus-ja-kehittaminen/tutkimukset-ja-hankkeet/terve-suomi-tutkimus},
 url = {http://yle.fi/a/74-20032176}
}

@www{STM_UglyNumbers20230703,
 title={Stina Oksa STM Ugly Numbers},
 author={Stina Oksa},
 organization={Ministry of Social Affairs and Health (STM)},
 publisher={Finnish Public Broadcasting Company, YLE (YLEisradio)},
 url={http://yle.fi/a/74-20038155}
}

@www{TR_202306151300,
 title = {Aikuiskoulutustuella opiskelulla tavoitellaan alanvaihtoa,
 helpotusta ty\"on kuormittavuuteen ja korkeampaa tutkintoa},
 publisher = {Employment Fund},
 % note = {http://tyollisyysrahasto.fi/uutiset/aikuiskoulutustuella-opiskelulla-tavoitellaan-alanvaihtoa-helpotusta-tyon-kuormittavuuteen-ja-korkeampaa-tutkintoa}
 url = {http://www.tyollisyysrahasto.fi/uutiset/asiakkaan-aani--seminaaritallenteet}
}
%note = {http://tyollisyysrahasto.fi/globalassets/etuuksien-liitteet/tyollisyysrahastomediatiedoteliite22062023.pdf}

@www{VN_202303241233,
 title = {Kohti nopeasykkeisemp\"a\"a jatkuvaa oppimista},
 author = {Petri Lempinen},
 url = {http://valtioneuvosto.fi/-/1410845/kohti-nopeasykkeisempaa-jatkuvaa-oppimista}
}

@www{AdultEducationAllowance,
 title={Adult Education Allowance is ending},
 author={Finnish public broadcast company (YLE)},
 url={http://yle.fi/a/74-20040578}, % 202307120848 by Anssi Bwalya
%    http://yle.fi/a/74-20043200 202308011304 by Terhi Toivonen, Idalotta Nousiainen
%    http://yle.fi/a/74-20042944 202308021415 by Anssi Bwalya
 note={http://aikuiskoulutustuki.fi/en}
}
% Between 660.91 Eur/m = 22.03 Eur/d and 19.12% from gross income for big incomes.

@www{VN_2023/58,
 series = {Finnish Government Publication Series},
 title = {A strong and committed Finland -- Programme of Prime Minister Petteri Orpo's Government},
 publisher = {Finnish Government}, % http://valtioneuvosto.fi/en/governments/-/gov/orpo
 isbn = {978-952-383-818-5},
 url = {http://urn.fi/URN:ISBN:978-952-383-818-5}
%url = {http://valtioneuvosto.fi/en/governments/government-programme}
%       http://valtioneuvosto.fi/hallitukset/hallitusohjelma#/2/5
%       http://valtioneuvosto.fi/hallitukset/hallitusohjelma#/2/6
%       http://valtioneuvosto.fi/hallitukset/hallitusohjelma#/4/3
%       http://valtioneuvosto.fi/hallitukset/hallitusohjelma#/6/4
%       http://valtioneuvosto.fi/hallitukset/hallitusohjelma#/liitteet
%note = {Annex D. Structural policy measures, Abolition of adult education benefit}
%note = {Annex D. Structural policy measures}
%http://is.fi/taloussanomat/art-2000009765209.html vuorotteluvapaan lakkautus
}

@www{STM_202306021239,
 title={Social security reform},
 author={STM},
 year = {2023},
 organization={Ministry of Social Affairs and Health (STM)},
 url = {http://stm.fi/en/social-security-reform}
}

@legal{CC-BY-SA-40,
 author={Creative Commons},
 title={Attribution-ShareAlike 4.0 International (CC BY-SA 4.0)},
 publisher={Creative Commons Corporation},
 year={2023},
 url={http://creativecommons.org/licenses/by-sa/4.0/legalcode}
%note={http://creativecommons.org/licenses/by-sa/4.0}
}

%note = {28.12.2012/916}
@legal{LEX_2012_916,
 title = {Laki julkisesta ty\"ovoima- ja yrityspalvelusta},
 author = {Ty\"o- ja elinkeinoministeri\"o},
 publisher = {TEM},
 year = {2012},
 url = {http://finlex.fi/fi/laki/ajantasa/2012/20120916}
}

% http://vnk.fi/en/publications
% http://stm.fi/en/publications
@report{VN_2023_26,
 series = {Finnish Government Publication Series},
 title = {Interim Report of the Social Security Committee},
 author = {Social Security Committee},
 publisher = {Finnish Government, Ministry of Social Affairs and Health},
 year = {2023},
 url = {http://urn.fi/URN:ISBN:978-952-383-503-0},
 note = {p.23 fig.3, p.38 fig.5, p.39 fig.6}
}

@report{ITLA_2023_LL,
 title = {How to reform the child benefit system? Proposals for reforming the child benefit system},
 author = {ITLA: Aapo Hiilamo - Lauri M\"akinen - Tapio R\"as\"anen - Mari Hirvonen - Tiina Ristikari},
 publisher = {Itla Children's Foundation},
 year = {2023},
 url = {http://itla.fi/download/miten-uudistaa-lapsilisajarjestelmaa},
 note = {http://itla.fi/aineistot}
}

@www{BasicIncomeInit,
 series = {Citizens intiatives in Finland},
 author = {Several Authors},
 title = {Basic income, citizen wage, etc.},
 publisher = {Ministry of Justice Finland},
 year = {2013},
 note = {Initiatives: 3434, 2903, 2884, 2266, 2189, 2071, 1659, 1503, 1426, 1160 and 44},
 url = {http://kansalaisaloite.fi/fi/aloite/3434}
}

@booklet{VM_46_2019,
 series = {Publications of the Ministry of Finance},
 title = {Basic income in Finland},
 author = {Heikki Viitam\"aki},
 publisher = {Ministry of Finance},
 year = {2019},
 isbn = {978-952-367-028-0},
 url = {http://urn.fi/URN:ISBN:978-952-367-028-0},
 note = {p.17 eq.1,2, p.18 fig.1, p.25 eq.2, p.35 fig.3, p.47 fig.15, p.54 fig.22}
}

@video{ATalk230413213839,
 series = {A-Talk},
 title = {A-Talk: The challenges of the government period - What kind of chaos follows from the economic adjustments},
 author = {Sakari Sirkkanen - Ben Zyskowicz - Laura Huhtasaari - Timo Harakka - Anders Adlercreutz},
 publisher = {Yle A-studio},
 year = {2023},
 note = {2023/04/13 Thursday 21:05-21:44 TV1 33:39-38:32/21:38:39-21:43:32},
 url = {http://areena.yle.fi/1-63944782}
}

@www{NCPquestions,
 title = {NCP questions to the other parliamentary parties},
 author = {Petteri Orpo},
 publisher = {National Coalition Party (NCP)},
 year = {2023},
 note = {Questions 3, 8, 10 and 12},
 url = {http://yle.fi/a/74-20027168}
}

@www{KELA_NATIONAL_PENSION,
 title={National pension},
 author={Social Insurance Institution of Finland},
 url={http://kela.fi/national-pensions-amount-and-payment},
 note={National pension $732.67\EUR$/30d = $24\EUR$/d, when in partnership $654.13\EUR$/30d = $22\EUR$/d}
}

@www{GUARANTEE_PENSION,
 title={Guarantee pension},
 author={Finnish Centre for Pensions},
 url={http://tyoelake.fi/en/what-are-pensions/national-and-guarantee-pensions-supplement-low-income},
 note={$922.42\EUR$/30d = $31\EUR$/d}
}

@www{KELA_WORK_REQ,
 title={What is the work requirement},
 author={Social Insurance Institution of Finland},
 url={http://kela.fi/what-is-the-work-requirement},
 note={2021:42, 2022:43, 2023:1331/30=44$\EUR$/d}
}

@report{THL_2023_1,
 series={Finish institute for healt and welfare reports},
 title={What does a decent life cost in Finland? : Calculations based on the reference budget method in 2022},
 author={Grahn Anna - Kuusela Anna - M\"akinen Lauri - Sarpila Outi - Mukkila Susanna},
 publisher={Finish institute for healt and welfare (THL)},
 url={http://urn.fi/URN:ISBN:978-952-408-011-8},
 isbn={978-952-408-011-8},
 issn={1798-0089},
 year={2023},
 note={http://yle.fi/a/74-20037443}
}
%note={http://julkari.fi/handle/10024/146028 http://research.utu.fi/converis/portal/detail/Publication/178386771}
% http://fi.wikipedia.org/wiki/V%C3%A4himm%C3%A4ispalkka
% http://yle.fi/a/74-20037443 http://yle.fi/a/74-20036802
% single person living in capitol region 1547 /30= 51.57 Eur/d
% single person living in Helsinki 1512 /30= 50.4 Eur/d
% single person living in university town 1255 /30= 41.83 Eur/d
% single person living in province 1148 /30= 38.27 Eur/d

@www{HS_202307290200_RS,
 title = {SAK:n Eloranta moittii: Hallitus heikent\"a\"a lakko-oikeutta ja ajaa sitten l\"api isot muutokset ty\"omarkkinoilla},
 series = {Helsingin Sanomat},
 author = {Robert Sundman},
 publisher = {Sanoma Media Finland Oy},
 note = {$13*8*220/365=63\EUR$/d},
%note = {$13*8*220/365=62.7\EUR$/d},
%note = {$13*7.5*220/365=58.8\EUR$/d},
 url = {http://hs.fi/politiikka/art-2000009744136.html}
}

% The Tax Administration deploys IT
@www{VeroItDeployment,
 title = {The development of digitalization in Tax Administration},
 author = {Tax Administration}, 
 publisher = {Tax Administration},
 url = {http://vero.fi/en/About-us/finnish-tax-administration/the-development-of-digitalization-in-tax-administration}
}
% http://vero.fi/tietoa-verohallinnosta/verohallinnon_esittely/verohallinnon-digihistoria

% http://wikipedia.org/wiki/Performance_per_watt
@www{KoomeysLaw,
 title = {Koomeys's Law},
 url = {http://wikipedia.org/wiki/Koomey%27s_law}
}

% http://wikipedia.org/wiki/Dennard_scaling#Relation_with_Moore's_law_and_computing_performance
@www{DennartScaling,
 title = {Dennart scaling},
 url = {http://wikipedia.org/wiki/Dennard_scaling}
}

@www{PerformanceDevelTop500, % http://top500.org/system/180048 http://top500.org/lists/top500
 title = {Performance Development},
 note = {Top 1 not bending as much as average},
 url = {http://top500.org/statistics/perfdevel}
}

@www{LTEonMoon,
 title = {LTE on the Moon matters for networks on Earth},
 author = {Thierry Klein - Trent Martin},
 publisher = {Nokia},
 year = {2023},
 url = {http://nokia.com/thought-leadership/articles/network-on-the-moon}
}
%http://youtu.be/Mql5Qx9e9qk

%http://yhteistyotilat.fi/wiki08/display/SYPLJULK
@www{SYPLJULK,
 title={Sosiaali- ja terveydenhuollon kokonaisarkkitehtuuri: tiedonhallinnan yh\-tei\-set periaatteet ja kuvaukset},
 author={Riikka Vuokko - Mikko Huovila - Marika Pentik\"ainen - Juha Mykk\"anen - Timo Siira - Marko Jalonen},
 year={2022},
 url={http://yhteistyotilat.fi/wiki08/display/SYPLJULK}
}
%note={http://yhteistyotilat.fi/wiki08/download/attachments/85934658/Sosiaali- ja terveydenhuollon kokonaisarkkitehtuuri_ tiedonhallinnan yhteiset periaatteet ja kuvaukset_2022_05_20.pdf}
@www{SYPLJULK_Kuva_3.1,
 title={Sosiaali- ja terveydenhuollon kokonaisarkkitehtuuri: tiedonhallinnan yh\-tei\-set periaatteet ja kuvaukset},
 author={Riikka Vuokko - Mikko Huovila - Marika Pentik\"ainen - Juha Mykk\"anen - Timo Siira - Marko Jalonen},
 year={2022},
 url={http://yhteistyotilat.fi/wiki08/display/SYPLJULK/3.+Toiminta-arkkitehtuuri#id-3.Toimintaarkkitehtuuri-3.1.Sote-tiedonhallinnankeskeisettoimijat}
}

@www{ElakelaisetRynJanKoskimiesJaElakeliitonIreneVuorisalo,
%series = {IS Taloussanomat},
 author = {Elina Ranta},
 title = {N\"am\"a tuet ja edut j\"a\"av\"at monilta el\"akel\"aisilt\"a k\"aytt\"am\"att\"a},
 abstract = {Asiantuntijat pit\"Av\"At oman aktiivisuuden vaatimusta ja digitalisaatiota osin ongelmana, sill\"a moni etuus j\"a\"a ik\"a\"antyneill\"a hakematta},
 publisher = {Sanoma Media Finland Oy},
 url = {http://is.fi/taloussanomat/art-2000009765356.html}
}

%#### Seen, but not referred material; TV, WWW, etc. are below this line! ####

%http://wikipedia.org/wiki/Burden_of_proof_(law)

@booklet{DayTax,
 title = {{Daily Tax}},
 author = {Potkonen, Ari},
 publisher = {Potkonen Ari},
 edition = {DRAFT},
 year = {2023},
 doi = {}
}

@www{FSFE_PublicCode,
 publisher = {Free Software Foundation Europe (FSFE)},
 url = {http://publiccode.eu}
}

@booklet{VM_2020/29,
 series = {Publications of the Ministry of Finance},
 title = {Recommendation for an information management model},
 author = {Information Management Board},
 publisher = {Ministry of Finance},
 year = {2017},
 url = {http://urn.fi/URN:ISBN:978-952-367-328-1}
%url = {http://julkaisut.valtioneuvosto.fi/bitstream/handle/10024/162176/VM_2020_29.pdf}
}

@booklet{VM_40_2023,
 series = {Publications of the Ministry of Finance},
 author = {Aleksi Kopponen},
 editor = {Niko Ruostetsaari - R\"asanen Tommi},
 publisher = {Ministry of Finance},
 title = {Ihmiskeskeinen ja el\"am\"antapahtumal\"aht\"oinen julkinen hallinto : N\"ak\"okulmia kansallisesta teko\"alyohjelmasta (AuroraAI)},
 year = {2023},
 isbn = {978-952-367-282-6},
 %issn = {1797-9714},
 %urn = {http://urn.fi/URN:ISBN:978-952-367-282-6},
 url = {https://julkaisut.valtioneuvosto.fi/handle/10024/164923}
}

%http://archimatetool.com
%http://opengroup.org/togaf
%http://pubs.opengroup.org/togaf-standard
%http://pubs.opengroup.org/architecture/togaf9-doc/arch
%http://hosiaisluoma.fi/blog/process-modelling-with-archimate
%http://hosiaisluoma.fi/ArchiMate-ka%CC%88sikirja.pdf
%http://hosiaisluoma.fi/ArchiMate-Cookbook.pdf
%http://vm.fi/tiedonhallintalautakunta
%http://vm.fi/tapahtumat/2023-05-16/automaattisen-ratkaisumenettelyn-vaatimukset-ja-tiedonhallintalaki
%http://vm.fi/documents/10623/0/Oikarinen-Tiedonhallintaltk+toimenpiteet-Automaattinen+ratkaisumenettely2023.pdf
%Laki sosiaali- ja terveydenhuollon asiakastietojen kasittelysta
%http://finlex.fi/fi/laki/alkup/2023/20230703
%http://finlex.fi/fi/laki/smur/2023/20230703
%Laki sosiaali- ja terveydenhuollon asiakastietojen sahkoisesta kasittelysta
%http://finlex.fi/fi/laki/ajantasa/2021/20210784
%Laki sosiaalihuollon asiakasasiakirjoista
%http://finlex.fi/fi/laki/ajantasa/2015/20150254

%http://dvv.fi/arkkitehtuuri

@booklet{VN_2017/16,
 series = {Prime Minister's Office Publications},
 title = {Business architecture of the Government enterprise architecture},
 publisher = {Prime Minister's Office},
 isbn = {978-952-287-498-6},
 url = {http://urn.fi/URN:ISBN:978-952-287-498-6}
}
%Business architecture of the Government enterprise architecture
%http://suomidigi.fi/ohjeet-ja-tuki/jhs-suositukset/jhs-179-kokonaisarkkitehtuurin-suunnittelu-ja-kehittaminen
%http://suomidigi.fi/sites/default/files/2020-07/JHS179.doc
%http://suomidigi.fi/sites/default/files/2020-07/JHS179_liite1.doc
%http://suomidigi.fi/sites/default/files/2020-07/JHS179_liite2.doc
%http://suomidigi.fi/sites/default/files/2020-07/JHS179_liite3.doc
%http://suomidigi.fi/sites/default/files/2020-07/JHS179_liite4.xls
%http://suomidigi.fi/sites/default/files/2020-07/JHS179_liite6.pdf
%http://suomidigi.fi/sites/default/files/2020-07/JHS179_liite7.doc
%http://suomidigi.fi/sites/default/files/2020-07/JHS179_liite8.doc
%http://suomidigi.fi/sites/default/files/2020-07/JHS179_liite9.doc

%https://yhteistyotilat.fi/wiki08/display/SYPLJULK/4.+Tietoarkkitehtuuri#id-4.Tietoarkkitehtuuri-4.2.Ensisijaisenk%C3%A4yt%C3%B6ntietovirtakuvaus
%http://yhteistyotilat.fi/wiki08/display/THLSTAP
@www{THLSTAP,
 title={Sosiaali- ja terveydenhuollon asiakas- ja potilastietojen kansallinen kokonaisarkkitehtuuri},
 url={http://yhteistyotilat.fi/wiki08/display/THLSTAP}
}

%http://ilmoitin.fi/webtamo/sivut/Esittelysivu
%http://vero.fi/tulorekisteri/ohjelmistokehitt%C3%A4j%C3%A4t/dokumentaatio
%http://vero.fi/tietoa-verohallinnosta/kehittaja/tietuekuvaukse
%http://vero.fi/tietoa-verohallinnosta/kehittaja/veron-rajapintapalvelut
%http://yhteistyotilat.fi/wiki08/category/tyotilat
%http://yhteistyotilat.fi/wiki08/spacedirectory/view.action
Kuva 2.7 Sote-tiedonhallinnan keskeiset kyvykkyydet kansallisella tasolla
%https://yhteistyotilat.fi/wiki08/pages/viewpage.action?pageId=85934681#id-5.Tietoj%C3%A4rjestelm%C3%A4arkkitehtuuri-5.2.Sote-tiedonhallinnantietoj%C3%A4rjestelm%C3%A4kokonaisuus
%http://yhteistyotilat.fi/wiki08/display/THLSOTEKATJULK
%http://yhteistyotilat.fi/wiki08/display/THLSOTEKAAOJULK
%http://kanta.fi/en/system-developers/architecture
%http://kanta.fi/en/professionals/client-data-archive-for-social-welfare-services
%http://kanta.fi/documents/20143/106828/Kanta-arkkitehtuuri+ja+terveydenhuollon+yhteentoimivuuden+ja+IT-standardoinnin+aikajana+EN.pdf
%http://kanta.fi/en/system-developers/definitions-for-the-client-data-archive-for-social-welfare-services
%http://kanta.fi/en/instructions-for-staying-safe-online
%http://kuntaliitto.fi/kehittaminen-ja-digitalisaatio/digiosaaminen/kuntasektorin-kokonaisarkkitehtuuri
%http://yhteistyotilat.fi/wiki08/display/THLSTAP/3+Toiminta-arkkitehtuuri#id-3Toimintaarkkitehtuuri-3.4.2Sosiaali-jaterveydenhuollonpalveluprosessienyhteinentoimintamalli
%http://yhteistyotilat.fi/wiki08/display/SYPLJULK/3.+Toiminta-arkkitehtuuri 
%http://yhteistyotilat.fi/wiki08/display/SYPLJULK/3.+Toiminta-arkkitehtuuri#id-3.Toimintaarkkitehtuuri-3.3.Keskeistentoimijoidenv%C3%A4linenvuorovaikutus
%http://yhteistyotilat.fi/wiki08/display/SYPLJULK/Liite+3.+Sote-tiedonhallinnan+kokonaisuus

@www{SYPLJULK_Kuva_2.7,
 title={Sosiaali- ja terveydenhuollon kokonaisarkkitehtuuri: tiedonhallinnan yhteiset periaatteet ja kuvaukset},
 author={Riikka Vuokko - Mikko Huovila - Marika Pentik\"ainen - Juha Mykk\"anen - Timo Siira - Marko Jalonen},
 year={2022},
 url={http://yhteistyotilat.fi/wiki08/display/SYPLJULK/2.+Periaatetaso#id-2.Periaatetaso-2.8.Kyvykkyydet}
}

@www{YLE202307262105-2140,
%Takuus\"a\"ati\"on toimitusjohtaja Juha Pantzar ja Finanssiala ry:n toimitusjohtaja Arno Ahosniemi. Juontajana Annika Damstr\"om.
 series={What Was Investigated (MOT)},
 author={Finnish public broadcast company (YLE)},
 title={How should Finns' over-indebtedness be tackled?},
 url={http://areena.yle.fi/1-63939341}
%note={http://kela.fi/target-times http://kela.fi/average-processing-times http://finanssivalvonta.fi/en http://takuusaatio.fi/en http://finanssiala.fi/en}
}

%Vastasyntyneiden osakesaastotiliin liittyy viela runsaasti avoimia kysymyksia. Valmistelusta vastaa valtiovarainministerio.
%https://vm.fi/hanke?tunnus=VM112%3A00%2F2018
%https://yle.fi/a/74-20038160
%https://yle.fi/a/74-20034479
%Osakesaastotili
%http://suomisanakirja.fi/osakes%C3%A4%C3%A4st%C3%A4minen
%http://suomisanakirja.fi/osakes%C3%A4%C3%A4st%C3%A4j%C3%A4
%https://www.finanssiala.fi/wp-content/uploads/2023/05/fa_saastaminen_sijoittaminen_vaurastuminen-_17052023.pdf
%Arvo-osuustili
%http://suomisanakirja.fi/arvo-osuus
%http://suomisanakirja.fi/arvo-osuusrekisteri
%http://kokoomus.fi/hallitustunnustelija-petteri-orpon-kysymykset-eduskuntaryhmille

@memorandum{VATT_2019_56,
 series = {VATT Muistiot},
 title = {Perustulokokeilun ensimm\"ainen vuosi},
 author = {Kari H\"am\"al\"ainen - Ohto Kanninen - Miska Simanainen - Jouko Verho},
 publisher = {Valtion taloudellinen tutkimuskeskus},
 year = {2019},
 isbn = {978-952-274-234-6},
 url = {http://urn.fi/URN:ISBN:978-952-274-234-6}
}

@report{STM_2020_15,
 series = {Sosiaali- ja terveysministerion raportteja ja muistioita},
 title = {Suomen perustulokokeilun arviointi},
 author = {Olli Kangas - Signe Jauhiainen - Miska Simanainen - Minna Ylik\"anni\"o},
 editor = {Minna Ylikanno},
 publisher = {Sosiaali ja terveysministeri\"o},
 year = {2020},
 isbn = {978-952-00-9890-2},
 url = {http://urn.fi/URN:ISBN:978-952-00-9890-2}
}

@report{VForumRepo2020_1,
 series = {Ajatuspaja Vasemmistofoorumin Raportteja},
 title = {Perustulo sosiaalisena osinkona},
 author = {Johanna Perki\"o},
 publisher = {Vasemmistofoorumi ry, Helsinki},
 year = {2020},
 isbn = {78-952-7206-17-1},
%isbn = {78-952-7206-16-4},
 url = {http://vasemmistofoorumi.fi/uusi/wp-content/uploads/2020/06/osinko_verkko.pdf}
}

@report{VForumRepo2021_1,
 series = {Ajatuspaja Vasemmistofoorumin Raportteja},
 title = {Perustulo - Kohti 2020-luvun yhteiskuntapolitiikkaa},
 author = {Johanna Perki\"o},
 editor = {Kuohu \& Kaisla Creative},
 publisher = {Vasemmistofoorumi ry, KSL ry \& KSL study center},
 year = {2021},
 isbn = {978-952-6693-48-4},
 %isbn = {978-952-6693-47-7},
 url = {http://ksl.fi/app/uploads/2022/01/perustulo.pdf}
}

%http://finlex.fi/fi/kayttoehdot
%note = {09.08.2019/906}
@legal{LEX_2019/906,
 title = {Tiedonhallintalaki},
%title = {Laki julkisen hallinnon tiedonhallinnasta},
 author = {Valtionvarainministeri\"o},
 publisher = {VM},
 year = {2019},
 url = {http://finlex.fi/fi/laki/ajantasa/2019/20190906}
}

%note = {28.5.1993/477}
@legal{LEX_1993_477,
 title = {\"Aitiysavustuslaki},
 author = {Sosiaali- ja terveysministeri\"o},
 publisher = {STM},
 year = {1993},
 url = {http://finlex.fi/fi/laki/ajantasa/1993/19930477}
}

%note = {20.12.1996/1128}
@legal{LEX_1996_1128,
 title = {Laki lasten kotihoidon ja yksityisen hoidon tuesta},
 author = {Sosiaali- ja terveysministeri\"o},
 publisher = {STM},
 year = {1996},
 url = {http://finlex.fi/fi/laki/ajantasa/1996/19961128}
}

%note = {30.12.1992/1535}
@legal{LEX_1992_1535,
 title = {Tuloverolaki},
 author = {Valtiovarainministeri\"o},
 publisher = {VM},
 year = {1992},
 url = {http://finlex.fi/fi/laki/ajantasa/1992/19921535}
}

%note = {30.12.1997/1412}
@legal{LEX_1997_1412,
 title = {Laki toimeentulotuesta},
 author = {Sosiaali- ja terveysministeri\"o},
 publisher = {STM},
 year = {1997},
 url = {http://finlex.fi/fi/laki/ajantasa/1997/19971412}
}

%note = {30.12.2002/1344}
@legal{LEX_2002_1344,
 title = {Valtioneuvoston asetus julkisesta ty\"ovoimapalvelusta},
 author = {Ty\"oministeri\"o},
 publisher = {Ty\"oministeri\"o},
 year = {2002},
 url = {http://finlex.fi/fi/laki/ajantasa/2002/20021344}
}

%note = {30.12.2002/1290}
@legal{LEX_2002_1290,
 title = {Ty\"ott\"omyysturvalaki},
 author = {Sosiaali- ja terveysministeri\"o},
 publisher = {STM},
 year = {2002},
 url = {http://finlex.fi/fi/laki/ajantasa/2002/20021290}
}

%note = {2.3.2001/189}
@legal{LEX_2001_189,
 title = {Laki kuntouttavasta ty\"otoiminnasta},
 author = {Sosiaali- ja terveysministeri\"o},
 publisher = {STM},
 year = {2001},
 url = {http://finlex.fi/fi/laki/ajantasa/2001/20010189}
}

%note = {14.11.2014/938}
@legal{LEX_2014_938,
 title = {Laki yleisest\"a asumistuesta},
 author = {Sosiaali- ja terveysministeri\"o},
 publisher = {STM},
 year = {2014},
 url = {http://finlex.fi/fi/laki/ajantasa/2014/20140938}
}

%note = {13.7.2018/540}
@legal{LEX_2018_540,
 title = {Varhaiskasvatuslaki},
 author = {Opetus- ja kulttuurisministeri\"o},
 publisher = {OKM},
 year = {2018},
 url = {http://finlex.fi/fi/laki/ajantasa/2018/20180540}
}

%note = {13.4.2007/417}
@legal{LEX_2007_417,
 title = {Lastensuojelulaki},
 author = {Sosiaali- ja terveysministeri\"o},
 publisher = {STM},
 year = {2007},
 url = {http://finlex.fi/fi/laki/ajantasa/2007/20070417}
}

%Elatustuki
%http://finlex.fi/fi/laki/ajantasa/2008/20080580

%note = {30.12.2014/1301}
@legal{LEX_2014/1301,
 title = {Sosiaalihuoltolaki},
 author = {Sosiaali- ja terveysministeri\"o},
 publisher = {STM},
 year = {2014},
 url = {http://finlex.fi/fi/laki/ajantasa/2014/20141301}
}

%note = {21.1.1994/65}
@legal{LEX_1994_65,
 title = {Opintotukilaki},
 author = {Opetus- ja kulttuurisministeri\"o},
 publisher = {OKM},
 year = {2018},
 url = {http://finlex.fi/fi/laki/ajantasa/1994/19940065}
}

%note = {14.12.2017/869}
@legal{LEX_2017_869,
 title = {Valtioneuvoston asetus opintotuesta},
 author = {Opetus- ja kulttuurisministeri\"o},
 publisher = {OKM},
 year = {2017},
 url = {http://finlex.fi/fi/laki/ajantasa/2017/20170869}
}

%title = {Opetus- ja kulttuuriministeri\"on asetus ammatillisen koulutuksen rahoituksen laskentaperusteista}
%url = {http://finlex.fi/fi/laki/alkup/2020/20201244}

%http://finlex.fi/fi/laki/ajantasa/2009/20090558#L5P40
%note = {24.7.2009/558}
@legal{LEX_2009/558,
 title = {Yliopistolaki},
 author = {Opetus- ja kulttuurisministeri\"o},
 publisher = {OPM},
 year = {2009},
 url = {http://finlex.fi/fi/laki/ajantasa/2009/20090558}
}

%note = {30.12.2013/1287}
@legal{LEX_2013/1287,
 title = {Oppilas- ja opiskelijahuoltolaki},
 author = {Opetus- ja kulttuurisministeri\"o},
 publisher = {OKM},
 year = {2013},
 url = {http://finlex.fi/fi/laki/ajantasa/2013/20131287}
}

%note = {30.12.2010/1386}
@legal{LEX_2010/1386,
 title = {Laki kotoutumisen edistamisesta},
 author = {Sis\"aministeri\"o},
 publisher = {SM},
 year = {2010},
 url = {http://finlex.fi/fi/laki/ajantasa/2010/20101386}
}

%note = {11.5.2007/527}
@legal{LEX_2007/527,
 title = {Luottotietolaki},
 author = {Oikeusministeri\"o},
 publisher = {OM},
 year = {2007},
 url = {http://finlex.fi/fi/laki/ajantasa/2007/20070527}
}

%Universal Basic Income (UBI), Basic Income Conversation Cleo Goodman http://basicincomeconversation.org
%https://www.theguardian.com/society/2023/jun/04/universal-basic-income-of-1600-pounds-a-month-to-be-trialled-in-england
%https://www.telegraph.co.uk/business/2023/06/06/universal-basic-income-england-poorer
%https://actionnetwork.org/forms/download-the-basic-income-conversation-toolkit

@report{TEM_2022_33,
 series = {Publications of the Ministry of Economic Affairs and Employment},
 title = {Impacts of EU Legislation Concerning Digitalisation on Business Activities},
 author = {Heli Paavola},
 publisher = {Ministry of Economic Affairs and Employment of Finland},
 year = {2022},
 isbn = {978-952-327-744-1},
 url = {http://urn.fi/URN:ISBN:978-952-327-744-1}
}

@www{DPA,
 title={Towards a smoothly functioning Finland},
 author={Digital and Population Data Services Agency (DVV)},
 url={http://dvv.fi/en}
}

@www{BASE,
 title={MyBase},
 author={Social Insurance Institution of Finland},
 url={http://kanta.fi/en/citizens}
}

@www{YLE201208241434,
 title={Rajoitettu opintoaika innostaa valmistumaan},
 year = {2012},
 publisher={Finnish Public Broadcasting Company, YLE (YLEisradio)},
 url={http://yle.fi/a/3-6269180}
}

@video{8min202407181820,
 title={Why there is homelessness in Finland?},
 publisher={Finnish Public Broadcasting Company, YLE (YLEisradio)},
 url={http://areena.yle.fi/1-65379873},
 abstract = {In Finland,
 the number of homeless people has decreased compared to other European countries,
 but how will the new government's cut in housing benefit affect homelessness?},
 note = {Yle TV1 8 minits 18:20-18:30 2023/07/18 Wali Hash interview Erja Morottaja}
}

@www{YLE202308010543,
 title = {Hallitus aikoo romuttaa korvauksen, jonka piti parantaa nuorten naisten ty\"ollistymist\"a},
 url = {http://yle.fi/a/74-20041659}
}

@www{YLE202307190817,
 title={YLE asked young people in child's social welfare aftercare how they feel about the cuts in aftercare},
 author = {Maria Str\"ubing - Matias V\"a\"an\"anen - Olli-Pekka Louniala},
 publisher={Finnish Public Broadcasting Company, YLE (YLEisradio)},
 url={http://yle.fi/a/74-20041525}
}
%Yle kysyi lastensuojelun j\"alkihuollon nuorilta, milt\"a leikkaukset tuntuvat

%Satu Ojala tutkija TUNI http://tuni.fi/en/satu-ojala
%Merita Mesiaislehto tutkimuspaallikko THL https://thl.fi/en/web/thlfi-en/about-us/organisation/departments-and-units/public-health-and-welfare/welfare-state-research-and-reform/social-sustainability/staff/merita-mesiaislehto
%http://tem.fi
%http://kela.fi
%http://yle.fi/a/74-20009085
%http://avoinomavero.vero.fi
%http://vero.fi/tulorekisteri
%http://wikipedia.org/wiki/Tax_rate
%http://fi.wikipedia.org/wiki/Tulovero
%http://fi.wikipedia.org/wiki/Valtionvero
%http://fi.wikipedia.org/wiki/Kirkollisvero
%http://fi.wikipedia.org/wiki/Kunnallisvero_(Suomi)
%http://fi.wikipedia.org/wiki/Marginaalivero
%http://veronmaksajat.fi/luvut/Tilastot/Kunnat
%http://veronmaksajat.fi/Palkka-ja-elake/verotus-2023
%http://veronmaksajat.fi/luvut/Selvitykset/kuntaverovertailu-2022
%http://veronmaksajat.fi/luvut/Laskelmat/Palkansaajan-veroprosentit
%http://veronmaksajat.fi/globalassets/tilastot/kunnallisveron-osuus-palkkatulosta-2022.pdf
%http://veronmaksajat.fi/Palkka-ja-elake/Valtion-tulovero/valtion-tuloveroasteikko-2023
%http://veronmaksajat.fi/Palkka-ja-elake/Valtion-tulovero/valtion-tuloveroasteikko-2022
%http://finlex.fi/fi/laki/alkup/2022/20221122
%http://finlex.fi/fi/laki/alkup/2021/20211131
%http://vero.fi/syventavat-vero-ohjeet/paatokset/47465/kuntien-ja-seurakuntien-tuloveroprosentit-vuonna-2022
%http://vero.fi/syventavat-vero-ohjeet/paatokset/47465/kuntien-ja-seurakuntien-tuloveroprosentit-vuonna-2023
%http://veronmaksajat.fi/globalassets/tilastot/kuntakohtaiset-tulo--ja-kiinteistoveroprosentit-2023.xlsx
%http://veronmaksajat.fi/globalassets/tilastot/kuntien-tulo--ja-kiinteistoveroprosentit-2021-2022.xlsx
%http://veronmaksajat.fi/globalassets/selvitykset/kuntaveroselvitykset/2022/keveimmat-ja-kireimmat-2022.pdf
%http://veronmaksajat.fi/globalassets/selvitykset/kuntaveroselvitykset/2022/kaikki-suuruusjarjestyksessa-2022.pdf
%http://vero.fi/syventavat-vero-ohjeet/paatokset/47465/kuntien-ja-seurakuntien-tuloveroprosentit-vuonna-2023
% High tax:
%	http://google.fi/maps/dir/Rautalampi/Mantta-Vilppula/Jamijarvi/Isojoki/Karijoki/Kaskinen/Teuva
%	http://google.fi/maps/dir/Ahtari/Kyyjarvi/Evijarvi/Veteli/Halsua/Reisjarvi/Haapajarvi/Ylivieska/Merijarvi
%	http://google.fi/maps/dir/Rautalampi/Mantta-Vilppula/Jamijarvi/Kaskinen/Ahtari/Kyyjarvi/Evijarvi/Haapajarvi/Ylivieska/Merijarvi
% Low tax:
%	http://google.fi/maps/dir/Luhanka/Sipoo/Kerava/Vantaa/Helsinki/Kauniainen/Espoo/Naantali/Kustavi/Eurajoki
%http://veronmaksajat.fi/luvut/Laskelmat/Palkansaajan-veroprosentit
%http://veronmaksajat.fi/Palkka-ja-elake/Jarin-palkka
%http://veronmaksajat.fi/Palkka-ja-elake/Jarin-palkka/Jarin-vahennykset
%http://vero.fi/henkiloasiakkaat/verokortti-ja-veroilmoitus/tulot-ja-vahennykset/ilmoita-ja-tarkista-vahennykset 
%http://veronmaksajat.fi/tutkimus-ja-tilastot/suomen-verot-ja-menot/verotuotot
%http://stat.fi/julkaisu/cl8lpfsqmrle50cvz3rkxc3nj #2022 verokertyma 115 GEUR ~43%
%http://stat.fi/julkaisu/cktsm105k6vzm0b00fjpw2ly2 #2021 verokertyma 108 GEUR ~43%
%http://fi.wikipedia.org/wiki/V%C3%A4himm%C3%A4ispalkka
%http://wikipedia.org/wiki/Minimum_wage
%http://eur-lex.europa.eu/eli/dir/2022/2041/oj http://data.europa.eu/eli/dir/2022/2041/oj
%http://ilo.org/global/publications/books/WCMS_762534
%http://fi.wikipedia.org/wiki/Nettokansantuote
%http://fi.wikipedia.org/wiki/Bruttokansantuote
%http://tilastokoulu.stat.fi/verkkokoulu_v2.xql?course_id=tkoulu_tlkt&example_id=2&lesson_id=4&page_type=esim&subject_id=2
%http://www.stat.fi/julkaisu/cl8ikcze65pgm0bvxyr2453xm 251 GEUR 2021 267 GEUR 2022
%http://tilastokeskus.fi/tup/suoluk/suoluk_kansantalous.html#bruttokansantuote-markkinahintaan
%http://tilastokeskus.fi/tup/suoluk/suoluk_kansantalous.html#bruttokansantuote-asukasta-kohti
%http://stat.fi/meta/kas/kulutusyks_en.html
%http://stat.fi/meta/kas/kulutusyksikko_en.html
%http://verokone.hs.fi
%http://iltalehti.fi/verokone
%http://stat.fi/tilasto/vtp
%http://pxdata.stat.fi/PxWeb/pxweb/fi/StatFin/StatFin__vtp
%http://pxdata.stat.fi/PxWeb/pxweb/fi/StatFin/StatFin__vtp/statfin_vtp_pxt_11sf.px
%http://pxdata.stat.fi/PxWeb/pxweb/fi/StatFin/StatFin__vtp/statfin_vtp_pxt_123x.px
%Suomen virallinen tilasto (SVT): Tulonjakotilasto [verkkojulkaisu].
%ISSN=1795-8121. Helsinki: Tilastokeskus [Viitattu: 8.8.2023].
%Saantitapa: https://stat.fi/tilasto/tjt
%Official Statistics of Finland (OSF): Income distribution statistics [online publication].
%ISSN=1799-1331. Helsinki: Statistics Finland [Referenced: 8.8.2023].
%Access method: https://stat.fi/en/statistics/tjt
%http://stat.fi/tilasto/tjt
%http://pxdata.stat.fi/PxWeb/pxweb/fi/StatFin/StatFin__tjt
%http://pxdata.stat.fi/PxWeb/pxweb/fi/StatFin/StatFin__tjt/statfin_tjt_pxt_11wh.px
%http://pxdata.stat.fi/PxWeb/pxweb/fi/StatFin/StatFin__tjt/statfin_tjt_pxt_128c.px
%http://pxdata.stat.fi/PXWeb/pxweb/fi/StatFin/StatFin__tjt/statfin_tjt_pxt_11x3.px
%http://scb.se/en/services/open-data-api/api-for-the-statistical-database
%http://stat.fi/julkaisu/cktwn6pxc43ni0b6139zjypwi
%http://stat.fi/julkaisu/clbks9mb7xzkn0bumw1pbcgc6
%Supported formats are: px csv json xlsx json-stat json-stat2 sdm
%http://wikipedia.org/wiki/List_of_countries_by_GDP_(nominal)_per_capita
%http://wikipedia.org/wiki/List_of_countries_by_GDP_(PPP)_per_capita
%http://wikipedia.org/wiki/List_of_countries_by_average_wage
%http://valtioneuvosto.fi/hanke?tunnus=STM031:00/2020

%http://stm.fi/en/social-security-reform
%http://vnk.fi/en/social-security-2030
%http://stm.fi/soteuudistus
%http://stm.fi/hyvinvointialueet
%http://stm.fi/hyvinvointialueet-kartalla
%http://stm.fi/en/wellbeing-services-counties-on-the-map1
%http://soteuudistus.fi/hyvinvointialuekartta
%http://soteuudistus.fi/hyvinvointialueiden-nimet-ja-niihin-kuuluvat-kunnat
%http://stm.fi/sosiaaliturvakomitea
%http://stm.fi/sosiaaliturvauudistus
%http://thl.fi/fi/web/lapset-nuoret-ja-perheet/sote-palvelut/sosiaalipalvelut/palvelutarpeen-arviointi
%http://finlex.fi/fi/laki/ajantasa/2022/20220825
%http://finlex.fi/fi/laki/ajantasa/2015/20150254
%http://finlex.fi/fi/laki/ajantasa/2012/20120980
%http://finlex.fi/fi/laki/ajantasa/2000/20000812
%http://finlex.fi/fi/laki/ajantasa/2000/20000812#L3-2P16
%http://finlex.fi/fi/laki/ajantasa/2000/20000812#L3-2P17
%http://finlex.fi/fi/laki/ajantasa/1997/19971412

@www{NEW_GOVERNMET_MET_OPPOSITION,
 series={A-studio},
 author={Finnish public proadcast company},
 title={The government met the opposition for the first time},
 url={http://yle.fi/a/74-20038034}
}
%http://yle.fi/a/74-20038034 uusi hallitus

%http://areena.yle.fi/1-50654063 Kuka parjaa kelan luukulla
@www{GetByWithSIIHatch,
 series={What Was Investigated (MOT)},
 author={Finnish public broadcast company (YLE)},
 title={Who can get by with the Social Insurance Institution of Finland},
 url={http://areena.yle.fi/1-50654063},
 note={http://kela.fi/customer-service}
}

@www{KELA_StudyLoanGuarantee,
 title={Amount of the student loan},
 author={Social Insurance Institution of Finland},
 year={2023},
 url={http://kela.fi/student-loan-amount-and-payment},
 note={600/30=20$\EUR$/d}
}

@www{DebtAsIncome,
 author={Finnish public broadcast company (YLE)},
 url={http://yle.fi/a/74-20035407}
}

@www{WalkInTherapy,
 title = {Hallitusohjelmassakin mainittu walk in -terapia kamppailee n\"akyvyyden kanssa -- joskus k\"avij\"ait\"a ei ole ollenkaan},
 year={2023},
%author = {Ada Lassuri},
 author = {Finnish public broadcast company (YLE)},
 publisher = {Finnish public broadcast company (YLE)},
 url = {http://yle.fi/a/74-20037648}
}

%YLE TV1 202308021820-1830
%8-min
%Voiko terapiasta olla haittaa?
%http://areena.yle.fi/1-65379882
%http://is.fi/terveys/art-2000009303937.html
%http://is.fi/taloussanomat/art-2000009763001.html
%http://is.fi/taloussanomat/art-2000009656935.html

%http://tem.fi/tyovoimapalveluiden-viitearkkitehtuuri
%http://www.kuntaliitto.fi/ajankohtaista/2023/tyovoimapalveluiden-viitearkkitehtuuriluonnos-julkaistu
%http://tem.fi/documents/1410877/159038565/Tyovoimapalveluiden_viitearkkitehtuuri_luonnosversio_1.2.1_2023_06_15.pdf/a1762924-d98e-4fe0-8698-724e7629f1e4/Tyovoimapalveluiden_viitearkkitehtuuri_luonnosversio_1.2.1_2023_06_15.pdf?t=1687168110064
%http://arkkitehtuuripankki.onqpr.com
%http://wikipedia.org/wiki/X-Road
%http://wikipedia.org/wiki/Once-only_principle
%http://sanastot.suomi.fi/terminology/348ccc5e-feb0-4de2-b674-0ef82c02313e % Kelan terminologinen sanasto
%http://sanastot.suomi.fi/terminology/05f0212c-de23-4c19-b400-42f6e9994801 % Verotussanasto

% Suomiareena, Valokuitunen, Onko Suomi valmis datar\"aj\"ahdykseen
% http://suomiareena.fi/en
% http://suomiareena.fi/pori/ohjelma
% http://mtv.fi/sarja/suomiareena-1451
% http://mtv.fi/sarja/suomiareena-1467/datarajahdys-on-taalla-kestavatko-kotiemme-tietoliikenneyhteydet-20594804
% Maria Nyk\"anen - Laura Halenius - Heikki Kaunisto - P\"aivi Peltola-Ojala - Miapetra Kumpula-Natri
% http://youtu.be/tBQAVaaCLeo?t=2123
% http://youtu.be/tBQAVaaCLeo?start=2123&end=2253
% http://suomidigi.fi/blogit/laheisen-kuolema/esitaytetyn-perukirjan-palaset-paikoillaan

@www{VN_20230620,
 title = {Prime Minister Petteri Orpo's Government 77. Orpo 20.6.2023 - }, 
 publisher = {Finnish Government},
 url = {http://valtioneuvosto.fi/en/governments/-/gov/orpo}
}

%http://yle.fi/a/3-11790677
%http://yle.fi/a/3-11784968
%http://kela.fi/lapsilisa-maara-ja-maksaminen
%http://itla.fi/itlan-lapsilisamallissa-lapsilisaa-saavat-myos-17-vuotiaat
%http://aaltodoc.aalto.fi/bitstream/handle/123456789/44411/bachelor_Lepp%C3%A4nen_Otto_2020.pdf
%http://kela.fi/yleinen-asumistuki-maara-ja-maksaminen#asumistuen-laskukaava (1-0.42)*246*L=143*L
%http://ouka.fi/oulu/paivahoito-ja-esiopetus/yksityisten-paivakotien-hinnat 1500
%http://ouka.fi/oulu/paivahoito-ja-esiopetus/yksityisen-paivahoidon-tuet
%http://eduskunta.fi/FI/vaski/HallituksenEsitys/Sivut/HE_228+2022.aspx 295
%http://okm.fi/varhaiskasvatusmaksut
%http://okm.fi/maksulaskuri
%http://wikipedia.org/wiki/Universal_basic_income
%http://kuntaliitto.fi/tiedotteet/2016/perustulo-voi-mullistaa-kuntien-talouden-ja-palvelut
%http://vnk.fi/toimi/perustulo-ja-negatiivinen-tulovero
%http://kela.fi/perustulokokeilu
%http://fi.wikipedia.org/wiki/Perustulo
%http://fi.wikipedia.org/wiki/Perustulokeskustelu_Suomessa
%http://perustulo.org
%http://tem.fi/palkkatuki
%http://finlex.fi/fi/laki/ajantasa/2012/20120916#L7
%http://eduskunta.fi/FI/vaski/KasittelytiedotValtiopaivaasia/Sivut/HE_175+2022.aspx
%http://vaalikone.yle.fi
%http://areena.yle.fi/1-64958651
%http://vaalit.fi/rekisteroidyt-puolueet
%http://stm.fi/sosiaaliturvakomitea
%http://tulospalvelu.vaalit.fi/EKV-2023/fi/kokomaaval.html
%https://www.eduskunta.fi/FI/kansanedustajat/Sivut/Kansanedustajat-aakkosjarjestyksessa.aspx
% http://sdp.fi/uploads/sites/2/2022/11/yleisturva-ohjelma.pdf
% http://keskusta.fi/perustulomalli
% http://kokoomus.fi/avainsanat/perustulo, http://kokoomusnuoret.fi/avainsana/perustulo
% http://vihreat.fi/perustulo
% http://vasemmisto.fi/?s=Perustulo http://ksl.fi/julkaisut/perustulo, http://vasemmistofoorumi.fi/julkaisut/tutkimusraportit/johanna-perkio-perustulo-kohti-2020-luvun-yhteiskuntapolitiikkaa-2021
% http://liberaalipuolue.fi/puolueohjelma
% http://piraattipuolue.fi/politiikka/perustulo
% http://eop.fi/elinoikeuspuolueen-tulevaisuusohjelma
% http://feministinenpuolue.fi/poliittiset-ohjelmamme
% http://avoinpuolue.fi/perustulo
% http://kristallipuolue.fi/teesi-6
% http://sinimustaliike.fi/ohjelma/perustulo
% http://sfp.fi
% http://kd.fi/tag/perustulo
% http://kansalaispuolue.net/suomalaisten-oma-linja
%https://www.iltalehti.fi/politiikka/a/88ffc875-9497-4ded-806e-9e5c1feb01e5
%http://ksl.fi/app/uploads/2022/01/perustulo.pdf
%http://yle.fi/a/74-20020144
%http://yle.fi/a/74-20021718
%http://veronmaksajat.fi/luvut/Laskelmat/Palkansaajan-veroprosentit See "Marginaalivesoprosentti" from chart.
%http://ek.fi/ajankohtaista/blogit/pinomaan-analyysi-perustulo-ei-ole-realistinen-hanke
%http://ulosottolaitos.fi/en/index/informationonenforcement/informationfordebtors/calculationofthegarnishedamount.html
%http://fi.wikipedia.org/wiki/Luettelo_ty%C3%B6tt%C3%B6myyskassoista_Suomessa
%http://fi.wikipedia.org/wiki/Pikavippi
%http://finlex.fi/fi/laki/alkup/2023/20230186
%http://finlex.fi/fi/laki/alkup/2023/20230184
%http://finlex.fi/fi/laki/alkup/2022/20220739
%http://finlex.fi/fi/laki/alkup/2019/20190596
%http://finlex.fi/fi/laki/ajantasa/2016/20161123
%http://finlex.fi/fi/laki/ajantasa/2014/20140610
%http://finlex.fi/fi/laki/ajantasa/1978/19780038#a27.8.2010-746
%http://finlex.fi/fi/laki/ajantasa/2018/20180411
%http://finlex.fi/fi/laki/ajantasa/1999/19990513

%http://yle.fi/a/3-11336553
%http://wikipedia.org/wiki/Advanced_maternal_age
%http://wikipedia.org/wiki/Paternal_age_effect
%http://wikipedia.org/wiki/Fertility
%http://wikipedia.org/wiki/Male_infertility
%http://wikipedia.org/wiki/Age_and_female_fertility
%http://ec.europa.eu/eurostat/web/products-eurostat-news/-/ddn-20210224-1
%http://ec.europa.eu/eurostat/statistics-explained/index.php?title=Fertility_statistics
%http://w3.unece.org/PXWeb/en/Table?IndicatorCode=34

% http://stat.fi/tilasto/velj
@www{RestructuringOfDepts,
 title = {Restructuring of debts},
 author = {Statistics Finland},
 publisher = {Finland's national statistical institute},
 url = {http://stat.fi/en/statistics/velj},
}

% https://finlex.fi/fi/laki/ajantasa/2023/20230186
% Laki er\"aiden luotonantajien ja luotonv\"alitt\"ajien rekister\"oinnist\"a

@www{ChildProtectionCrisis,
 title={Asiakkaat odottavat tapaamisia kuukauden, asioihin ei ehdit\"a perehty\"a, ja ty\"ontekij\"at v\"asyv\"at -- sosiaality\"ontekij\"a: "Lastensuojelu on kriisiss\"a},
 publisher={Finnish Public Broadcasting Company, YLE (YLEisradio)},
 url={http://yle.fi/a/3-12396629}
}

%http://mieli.fi/uutiset/mieli-ry-on-huolissaan-hallitusohjelman-mielenterveysvaikutuksista Mieli Ry Sari Aalto Matturi

%http://okm.fi/pisa
%http://wikipedia.org/wiki/Programme_for_International_Student_Assessment

@book{doi/10.2777/967325,
 author = {European Commission and Directorate-General for Research and Innovation and Geels, F},
 title = {Transformative innovation and socio-technical transitions to address grand challenges},
 publisher = {Publications Office},
 year = {2020},
 doi = {http://doi.org/10.2777/967325},
 isbn = {978-92-76-17459-2},
 url = {http://euagenda.eu/upload/publications/transformative-innovation-and-socio-technical-transitions-to-address-grand-challenges.pdf}
}

@article{GEELS201124,
 title = {The multi-level perspective on sustainability transitions: Responses to seven criticisms},
 journal = {Environmental Innovation and Societal Transitions},
 volume = {1},
 number = {1},
 pages = {24-40},
 year = {2011},
 issn = {2210-4224},
 doi = {http://doi.org/10.1016/j.eist.2011.02.002},
 url = {http://sciencedirect.com/science/article/pii/S2210422411000050},
 author = {Frank W. Geels},
 keywords = {Transitions, Sustainable development, Multi-level perspective, Response to critics},
 abstract = {The multi-level perspective (MLP) has emerged as a fruitful middle-range framework for analysing socio-technical transitions to sustainability. The MLP also received constructive criticisms. This paper summarises seven criticisms, formulates responses to them, and translates these into suggestions for future research. The criticisms relate to: (1) lack of agency, (2) operationalization of regimes, (3) bias towards bottom-up change models, (4) epistemology and explanatory style, (5) methodology, (6) socio-technical landscape as residual category, and (7) flat ontologies versus hierarchical levels.}
}

@book{doi/10.2759/430161,
 author = {European Commission and Directorate-General for Communications Networks, Content and Technology and Blind K. - B\"ohm M. - Grzegorzewska P. - Katz A. - Muto S. - P\"atsch S. - Schubert, T.},
 title = {The impact of open source software and hardware on technological independence, competitiveness and innovation in the EU economy : final study report},
 edition = {1st edition},
 publisher = {Publications Office, Brussels, Luxemburg},
 year = {2021},
 isbn = {978-92-76-30980-2},
 number = {KK-04-21-080-EN-N},
 doi = {http://doi.org/10.2759/430161},
 url = {http://data.europa.eu/doi/10.2759/430161 , http://digital-strategy.ec.europa.eu/en/library/study-about-impact-open-source-software-and-hardware-technological-independence-competitiveness-and}
}

%http://wikipedia.org/wiki/Statistics
%http://wikipedia.org/wiki/Probability
%http://wikipedia.org/wiki/Density_estimation
%http://wikipedia.org/wiki/Probability_density_function
%http://wikipedia.org/wiki/Probability_mass_function
%http://wikipedia.org/wiki/List_of_probability_distributions
%http://wikipedia.org/wiki/Probability_distribution_fitting
%http://pypi.org/project/fitter http://fitter.readthedocs.io https://medium.com/the-researchers-guide/finding-the-best-distribution-that-fits-your-data-using-pythons-fitter-library-319a5a0972e9
%http://erdogant.github.io/distfit http://pypi.org/project/distfit
%http://cran.r-project.org/web/packages/MASS/citation.html

@Book{MASS,
 title = {Modern Applied Statistics with S},
 author = {W. N. Venables and B. D. Ripley},
 publisher = {Springer},
 edition = {Fourth},
 address = {New York},
 year = {2002},
 isbn = {0-387-95457-0},
 url = {https://www.stats.ox.ac.uk/pub/MASS4/}
}

%   http://hpcg-benchmark.org
% http://wikipedia.org/wiki/Moore%27s_law

%http://cran.r-project.org/web/packages/MASS/MASS.pdf
%http://rdocumentation.org/packages/MASS/versions/7.3-58.3/topics/fitdistr
%http://cran.r-project.org/doc/contrib/Ricci-distributions-en.pdf
%http://cran.r-project.org/web/packages/fitdistrplus
%http://medium.com/the-researchers-guide/finding-the-best-distribution-that-fits-your-data-using-pythons-fitter-library-319a5a0972e9
%http://wikipedia.org/wiki/Order_of_approximation
%http://wikipedia.org/wiki/Propagation_of_uncertainty
%http://wikipedia.org/wiki/Differentiation_rules
%http://wikipedia.org/wiki/Error_analysis_(mathematics)
%http://wikipedia.org/wiki/List_of_continuity-related_mathematical_topics
%http://wikipedia.org/wiki/Continuous_function
%http://wikipedia.org/wiki/Asymptotic_analysis
%http://wikipedia.org/wiki/Big_O_notation

%http://wikipedia.org/wiki/Asymptote
%http://wikipedia.org/wiki/Series_(mathematics)
%http://wikipedia.org/wiki/List_of_mathematical_series
%http://wikipedia.org/wiki/Polynomial
%http://wikipedia.org/wiki/Power_series
%http://wikipedia.org/wiki/Taylor_series
%http://wikipedia.org/wiki/Mercator_series
%http://wikipedia.org/wiki/Fourier_series
%http://wikipedia.org/wiki/Fourier_transform
%http://wikipedia.org/wiki/Fast_Fourier_transform
%http://wikipedia.org/wiki/Fourier_inversion_theorem
%http://wikipedia.org/wiki/Laurent_series
%http://wikipedia.org/wiki/Dirichlet_series
%http://wikipedia.org/wiki/Puiseux_series
%http://wikipedia.org/wiki/Summation
%http://wikipedia.org/wiki/Logarithm
%http://wikipedia.org/wiki/Dirac_comb
%http://wikipedia.org/wiki/Gamma_function
%http://wikipedia.org/wiki/Laplace_transform
%http://wikipedia.org/wiki/Inverse_Laplace_transform
%http://wikipedia.org/wiki/Lists_of_integrals
%http://wikipedia.org/wiki/Exponential_integral
%http://wikipedia.org/wiki/Dirac_delta_function
%http://wikipedia.org/wiki/Incomplete_gamma_function
%http://wikipedia.org/wiki/List_of_integrals_of_exponential_functions
%http://wikipedia.org/wiki/Mathematics_Subject_Classification
%http://wikipedia.org/wiki/Lists_of_mathematics_topics
%http://wikipedia.org/wiki/Residual_sum_of_squares
%http://wikipedia.org/wiki/Partition_of_sums_of_squares
%http://fitter.readthedocs.io
%http://pypi.org/project/fitter
%http://wasyresearch.com/tutorial-python-for-fitting-gaussian-distribution-on-data
%http://stackoverflow.com/questions/37559470/what-do-all-the-distributions-available-in-scipy-stats-look-like
%http://medium.com/the-researchers-guide/finding-the-best-distribution-that-fits-your-data-using-pythons-fitter-library-319a5a0972e9
%http://github.com/erdogant/distfit/blob/master/distfit/examples.py
%http://erdogant.github.io/distfit/pages/html/Abstract.html
%http://erdogant.github.io/distfit/pages/html/Plots.html
%http://erdogant.github.io/distfit
%http://wikipedia.org/wiki/Mean_squared_error
%http://wikipedia.org/wiki/Squared_deviations_from_the_mean

%http://vero.fi/en/About-us/finnish-tax-administration
@article{Fisk,
 journal = {Econometrica},
 year = {1961},
 volume = {29},
 number = {2},
 pages = {171--185},
 author = {Peter R. Fisk},
 title = {The Graduation of Income Distributions},
 publisher = {Wiley, Econometric Society},
 URL = {http://www.jstor.org/stable/1909287},
%ISSN = {00129682, 14680262},
 abstract = {A variety of functional forms have been suggested, in the past, as suitable for describing distributions of income. Some have been derived from models "explaining" the generation of an income distribution, while others are claimed only to fit observations reasonably well. One which has not been widely considered is the sech square distribution. This distribution has certain useful characteristics, such as simple Lorenz measures of inequality and a simple method of graphical analysis, which make it a useful tool in examining and comparing distributions of income. The differential equation from which the sech square distribution is derived can be varied to allow a wide range of different distribution forms to be fitted. A similarity exists between this distribution function and the Pareto and Champernowne distribution functions. Some of the characteristics of the latter distribution are discussed in the paper.}
}

